@INPROCEEDINGS{r0,
 author = {Xia Ning and George  Karypis},
 title = {SLIM: Sparse Linear Methods for Top-N Recommender Systems},
 year = {2011},
 booktitle = {ICDM'11. To appear in ICDM, Dec}
} 

@inproceedings{r1,
 author = {Gantner, Zeno and Drumond, Lucas and Freudenthaler, Christoph and Rendle, Steffen and Schmidt-Thie Lars},
 title = {Learning Attribute-to-Feature Mappings for Cold-Start Recommendations},
 booktitle = {Proceedings of the 2010 IEEE International Conference on Data Mining},
 series = {ICDM '10},
 year = {2010},
 pages = {176--185},
 publisher = {IEEE Computer Society},
 address = {Washington, DC, USA},
 } 
 
 @inproceedings{r2,
 author = {Agarwal, Deepak and Chen, Bee-Chung},
 title = {Regression-based latent factor models},
 booktitle = {Proceedings of the 15th ACM SIGKDD international conference on Knowledge discovery and data mining},
 series = {KDD '09},
 year = {2009},
 pages = {19--28},
 publisher = {ACM},
 } 
 
 
 @article{r3,
	author = {Rendle, Steffen},
	title = {Factorization Machines with {libFM}},
	journal = {ACM Trans. Intell. Syst. Technol.},
	issue_date = {May 2012},
	volume = {3},
	number = {3},
	month = May,
	year = {2012},
	issn = {2157-6904},
	pages = {57:1--57:22},
	articleno = {57},
	numpages = {22},
	publisher = {ACM},
	address = {New York, NY, USA},
}

@inproceedings{r4,
 author = {Koren, Yehuda},
 title = {Factorization meets the neighborhood: a multifaceted collaborative filtering model},
 booktitle = {Proceedings of the 14th ACM SIGKDD international conference on Knowledge discovery and data mining},
 series = {KDD '08},
 year = {2008},
 isbn = {978-1-60558-193-4},
 location = {Las Vegas, Nevada, USA},
 pages = {426--434},
 numpages = {9},
 url = {http://doi.acm.org/10.1145/1401890.1401944},
 doi = {10.1145/1401890.1401944},
 acmid = {1401944},
 publisher = {ACM},
 address = {New York, NY, USA},
 keywords = {collaborative filtering, recommender systems},
} 

@inproceedings{r5,
 author = {Wang, Chong and Blei, David M.},
 title = {Collaborative topic modeling for recommending scientific articles},
 booktitle = {Proceedings of the 17th ACM SIGKDD international conference on Knowledge discovery and data mining},
 series = {KDD '11},
 year = {2011},
 isbn = {978-1-4503-0813-7},
 location = {San Diego, California, USA},
 pages = {448--456},
 numpages = {9},
 url = {http://doi.acm.org/10.1145/2020408.2020480},
 doi = {10.1145/2020408.2020480},
 acmid = {2020480},
 publisher = {ACM},
 address = {New York, NY, USA},
 keywords = {collaborative filtering, latent structure interpretation, scientific article recommendation, topic modeling},
} 

@inproceedings{r6,
 author = {Rendle, Steffen and Freudenthaler, Christoph and Gantner, Zeno and Schmidt-Thieme, Lars},
 title = {BPR: Bayesian personalized ranking from implicit feedback},
 booktitle = {Proceedings of the Twenty-Fifth Conference on Uncertainty in Artificial Intelligence},
 series = {UAI '09},
 year = {2009},
 isbn = {978-0-9749039-5-8},
 location = {Montreal, Quebec, Canada},
 pages = {452--461},
 numpages = {10},
 url = {http://dl.acm.org/citation.cfm?id=1795114.1795167},
 acmid = {1795167},
 publisher = {AUAI Press},
 address = {Arlington, Virginia, United States},
} 

@misc{r7,
title = {BCLS: Bound Constraint Least Squares Optimization Library},
author = {Michael P. Friedlander-Department of Computer Science-University of British Columbia },
url = {http://www.cs.ubc.ca/~mpf/bcls/},
}

@inproceedings{r8,
 author = {Katz, Gilad and Ofek, Nir and Shapira, Bracha and Rokach, Lior and Shani, Guy},
 title = {Using Wikipedia to boost collaborative filtering techniques},
 booktitle = {Proceedings of the fifth ACM conference on Recommender systems},
 series = {RecSys '11},
 year = {2011},
 isbn = {978-1-4503-0683-6},
 location = {Chicago, Illinois, USA},
 pages = {285--288},
 numpages = {4},
 url = {http://doi.acm.org/10.1145/2043932.2043984},
 doi = {10.1145/2043932.2043984},
 acmid = {2043984},
 publisher = {ACM},
 address = {New York, NY, USA},
 keywords = {Wikipedia, cold start problem, collaborative filtering, recommender systems},
} 

@inproceedings{r9,
 author = {Park, Seung-Taek and Chu, Wei},
 title = {Pairwise preference regression for cold-start recommendation},
 booktitle = {Proceedings of the third ACM conference on Recommender systems},
 series = {RecSys '09},
 year = {2009},
 isbn = {978-1-60558-435-5},
 location = {New York, New York, USA},
 pages = {21--28},
 numpages = {8},
 url = {http://doi.acm.org/10.1145/1639714.1639720},
 doi = {10.1145/1639714.1639720},
 acmid = {1639720},
 publisher = {ACM},
 address = {New York, NY, USA},
 keywords = {cold-start problems, normalized discounted cumulative gain, ranking, recommender system, user and item features},
}

@inproceedings{r10,
 author = {Zhang, Liang and Agarwal, Deepak and Chen, Bee-Chung},
 title = {Generalizing matrix factorization through flexible regression priors},
 booktitle = {Proceedings of the fifth ACM conference on Recommender systems},
 series = {RecSys '11},
 year = {2011},
 isbn = {978-1-4503-0683-6},
 location = {Chicago, Illinois, USA},
 pages = {13--20},
 numpages = {8},
 url = {http://doi.acm.org/10.1145/2043932.2043940},
 doi = {10.1145/2043932.2043940},
 acmid = {2043940},
 publisher = {ACM},
 address = {New York, NY, USA},
 keywords = {latent factor, matrix factorization, recommender systems, regression priors, tree models},
}

@inproceedings{r11,
 author = {Zhang, Lanbo and Zhang, Yi},
 title = {Discriminative factored prior models for personalized content-based recommendation},
 booktitle = {Proceedings of the 19th ACM international conference on Information and knowledge management},
 series = {CIKM '10},
 year = {2010},
 isbn = {978-1-4503-0099-5},
 location = {Toronto, ON, Canada},
 pages = {1569--1572},
 numpages = {4},
 url = {http://doi.acm.org/10.1145/1871437.1871674},
 doi = {10.1145/1871437.1871674},
 acmid = {1871674},
 publisher = {ACM},
 address = {New York, NY, USA},
 keywords = {bayesian hierarchical model, content-based filtering, factorization, information filtering, personalized recommendation, recommender system},
} 

@inproceedings{r12,
 author = {Golbandi, Nadav and Koren, Yehuda and Lempel, Ronny},
 title = {Adaptive bootstrapping of recommender systems using decision trees},
 booktitle = {Proceedings of the fourth ACM international conference on Web search and data mining},
 series = {WSDM '11},
 year = {2011},
 isbn = {978-1-4503-0493-1},
 location = {Hong Kong, China},
 pages = {595--604},
 numpages = {10},
 url = {http://doi.acm.org/10.1145/1935826.1935910},
 doi = {10.1145/1935826.1935910},
 acmid = {1935910},
 publisher = {ACM},
 address = {New York, NY, USA},
 keywords = {collaborative filtering, decision tree, new user, recommender systems, user cold start},
} 


@inproceedings{r13,
 author = {Hu, Rong and Pu, Pearl},
 title = {Enhancing collaborative filtering systems with personality information},
 booktitle = {Proceedings of the fifth ACM conference on Recommender systems},
 series = {RecSys '11},
 year = {2011},
 isbn = {978-1-4503-0683-6},
 location = {Chicago, Illinois, USA},
 pages = {197--204},
 numpages = {8},
 url = {http://doi.acm.org/10.1145/2043932.2043969},
 doi = {10.1145/2043932.2043969},
 acmid = {2043969},
 publisher = {ACM},
 address = {New York, NY, USA},
 keywords = {cold start, collaborative filtering, personality, recommender system, user similarity},
} 

@inproceedings{r14,
 author = {Ning, Xia and Karypis, George},
 title = {Sparse linear methods with side information for top-n recommendations},
 booktitle = {Proceedings of the sixth ACM conference on Recommender systems},
 series = {RecSys '12},
 year = {2012},
 isbn = {978-1-4503-1270-7},
 location = {Dublin, Ireland},
 pages = {155--162},
 numpages = {8},
 url = {http://doi.acm.org/10.1145/2365952.2365983},
 doi = {10.1145/2365952.2365983},
 acmid = {2365983},
 publisher = {ACM},
 address = {New York, NY, USA},
 keywords = {recommender system, side information, sparse linear methods},
} 

@inproceedings{r15,
 author = {Nguyen, An-Te and Denos, Nathalie and Berrut, Catherine},
 title = {Improving new user recommendations with rule-based induction on cold user data},
 booktitle = {Proceedings of the 2007 ACM conference on Recommender systems},
 series = {RecSys '07},
 year = {2007},
 isbn = {978-1-59593-730--8},
 location = {Minneapolis, MN, USA},
 pages = {121--128},
 numpages = {8},
 url = {http://doi.acm.org/10.1145/1297231.1297251},
 doi = {10.1145/1297231.1297251},
 acmid = {1297251},
 publisher = {ACM},
 address = {New York, NY, USA},
 keywords = {cold start problem, cold user data, collaborative filtering, new-user problem, recommender systems, rule-based induction},
}

@inproceedings{r16,
 author = {Jones, Clinton and Ghosh, Joydeep and Sharma, Aayush},
 title = {Learning multiple models for exploiting predictive heterogeneity in recommender systems},
 booktitle = {Proceedings of the 2nd International Workshop on Information Heterogeneity and Fusion in Recommender Systems},
 series = {HetRec '11},
 year = {2011},
 isbn = {978-1-4503-1027-7},
 location = {Chicago, Illinois},
 pages = {17--24},
 numpages = {8},
 url = {http://doi.acm.org/10.1145/2039320.2039323},
 doi = {10.1145/2039320.2039323},
 acmid = {2039323},
 publisher = {ACM},
 address = {New York, NY, USA},
}

@inproceedings{r17,
      author = {Cantador, Iv\'{a}n and Brusilovsky, Peter and Kuflik, Tsvi},
      title = {2nd Workshop on Information Heterogeneity and Fusion in Recommender Systems (HetRec 2011)},
      booktitle = {Proceedings of the 5th ACM conference on Recommender systems},
      series = {RecSys 2011},
      year = {2011},
      location = {Chicago, IL, USA},
      publisher = {ACM},
      address = {New York, NY, USA},
      keywords = {information heterogeneity, information integration, recommender systems},
} 

@inproceedings{r18,
 author = {Gunawardana, Asela and Meek, Christopher},
 title = {Tied boltzmann machines for cold start recommendations},
 booktitle = {Proceedings of the 2008 ACM conference on Recommender systems},
 series = {RecSys '08},
 year = {2008},
 isbn = {978-1-60558-093-7},
 location = {Lausanne, Switzerland},
 pages = {19--26},
 numpages = {8},
 url = {http://doi.acm.org/10.1145/1454008.1454013},
 doi = {10.1145/1454008.1454013},
 acmid = {1454013},
 publisher = {ACM},
 address = {New York, NY, USA},
 keywords = {boltzmann machines, cold start, collaborative filtering, content-based filtering, recommender systems},
}

@inproceedings{r19,
  author    = {Asela Gunawardana and Christopher Meek},
  title     = {A unified approach to building hybrid recommender systems},
  booktitle = {RecSys},
  year      = {2009},
  pages     = {117-124},
  isbn      = {978-1-60558-435-5},
}

@inproceedings{r20,
 author = {Zhang, Yi and Koren, Jonathan},
 title = {Efficient bayesian hierarchical user modeling for recommendation system},
 booktitle = {Proceedings of the 30th annual international ACM SIGIR conference on Research and development in information retrieval},
 series = {SIGIR '07},
 year = {2007},
 isbn = {978-1-59593-597-7},
 pages = {47--54},
 numpages = {8},
 acmid = {1277752},
 } 
 
 @inproceedings{r21,
 author = {Han, Eui-Hong (Sam) and Karypis, George},
 title = {Feature-based recommendation system},
 booktitle = {Proceedings of the 14th ACM international conference on Information and knowledge management},
 series = {CIKM '05},
 year = {2005},
 isbn = {1-59593-140-6},
 location = {Bremen, Germany},
 pages = {446--452},
 numpages = {7},
 url = {http://doi.acm.org/10.1145/1099554.1099683},
 doi = {10.1145/1099554.1099683},
 acmid = {1099683},
 publisher = {ACM},
 address = {New York, NY, USA},
 keywords = {collaborative filtering, e-commerce, product features, recommender systems, web retailer},
}

@incollection{r22,
author = {Bottou, L\'{e}on},
title = {Online Algorithms and Stochastic Approximations},
booktitle = {Online Learning and Neural Networks},
editor = {Saad, David},
publisher = {Cambridge University Press},
address = {Cambridge, UK},
year = {1998},
url = {http://leon.bottou.org/papers/bottou-98x},
}

@inproceedings{r23,
 author = {Billsus, Daniel and Pazzani, Michael J.},
 title = {A hybrid user model for news story classification},
 booktitle = {Proceedings of the seventh international conference on User modeling},
 year = {1999},
 pages = {99--108},
 numpages = {10},
}

@inproceedings{r24,
 author = {Rodr\'{\i}guez, Manuel de Buenaga and L\'{o}pez, Manuel J. Ma\~{n}a and Esteban, Alberto D\'{\i}az and G\'{o}mez-Navarro, Pablo Gerv\'{a}s},
 title = {A User Model Based on Content Analysis for the Intelligent Personalization of a News Service},
 booktitle = {Proceedings of the 8th International Conference on User Modeling 2001},
 series = {UM '01},
 year = {2001},
 isbn = {3-540-42325-7},
 pages = {216--218},
 numpages = {3},
 url = {http://dl.acm.org/citation.cfm?id=647664.733412},
 acmid = {733412},
 publisher = {Springer-Verlag},
 address = {London, UK, UK},
}

@inproceedings{r25,
 author = {Schwab, Ingo and Pohl, Wolfgang and Koychev, Ivan},
 title = {Learning to recommend from positive evidence},
 booktitle = {Proceedings of the 5th international conference on Intelligent user interfaces},
 series = {IUI '00},
 year = {2000},
 isbn = {1-58113-134-8},
 location = {New Orleans, Louisiana, USA},
 pages = {241--247},
 numpages = {7},
 url = {http://doi.acm.org/10.1145/325737.325858},
 doi = {10.1145/325737.325858},
 acmid = {325858},
 publisher = {ACM},
 address = {New York, NY, USA},
 keywords = {adaptive recommendation interfaces, evaluation of methods, machine learning, user modeling},
} 

@inproceedings{r26,
 author = {Banos, E. and Katakis, I. and Bassiliades, N. and Tsoumakas, G. and Vlahavas, I.},
 title = {PersoNews: a personalized news reader enhanced by machine learning and semantic filtering},
 booktitle = {Proceedings of the 2006 Confederated international conference on On the Move to Meaningful Internet Systems: CoopIS, DOA, GADA, and ODBASE - Volume Part I},
 series = {ODBASE'06/OTM'06},
 year = {2006},
 isbn = {3-540-48287-3, 978-3-540-48287-1},
 location = {Montpellier, France},
 pages = {975--982},
 numpages = {8},
 url = {http://dx.doi.org/10.1007/11914853_62},
 doi = {10.1007/11914853_62},
 acmid = {2149800},
 publisher = {Springer-Verlag},
 address = {Berlin, Heidelberg},
}

@inproceedings{r27,
      author = {Cantador, Iv\'{a}n and Brusilovsky, Peter and Kuflik, Tsvi},
      title = {2nd Workshop on Information Heterogeneity and Fusion in Recommender Systems (HetRec 2011)},
      booktitle = {Proceedings of the 5th ACM conference on Recommender systems},
      series = {RecSys 2011},
      year = {2011},
      location = {Chicago, IL, USA},
}

@inproceedings{r28,
 author = {Yih, Wen-tau},
 title = {Learning Term-weighting Functions for Similarity Measures},
 booktitle = {Proceedings of the 2009 Conference on Empirical Methods in Natural Language Processing: Volume 2 - Volume 2},
 series = {EMNLP '09},
 year = {2009},
} 

@inproceedings{r29,
   author = {Ahmed, Amr and Kanagal, Bhargav and Pandey, Sandeep and Josifovski, Vanja and Pueyo, Lluis Garcia and Yuan, Jeffrey},
  booktitle = {WSDM},
  pages = {385-394},
  publisher = {ACM},
  title = {Latent factor models with additive and hierarchically-smoothed user preferences.},
  year = 2013
}


@inproceedings{r30,
 author = {Sarwar, Badrul and Karypis, George and Konstan, Joseph and Riedl, John},
 title = {Item-based Collaborative Filtering Recommendation Algorithms},
 booktitle = {Proceedings of the 10th International Conference on World Wide Web},
 series = {WWW '01},
 year = {2001},
 numpages = {11},
 publisher = {ACM},
 address = {New York, NY, USA},
}  

@inproceedings{r31,
 author = {Ziegler, Cai-Nicolas and McNee, Sean M. and Konstan, Joseph A. and Lausen, Georg},
 title = {Improving Recommendation Lists Through Topic Diversification},
 booktitle = {Proceedings of the 14th International Conference on World Wide Web},
 series = {WWW '05},
 year = {2005},
 location = {Chiba, Japan},
 pages = {22--32},
 numpages = {11},
 publisher = {ACM},
 address = {New York, NY, USA},
}

@inproceedings{r32,
 author = {Kabbur, Santosh and Ning, Xia and Karypis, George},
 title = {FISM: Factored Item Similarity Models for top-N Recommender Systems},
 booktitle = {Proceedings of the 19th ACM SIGKDD International Conference on Knowledge Discovery and Data Mining},
 series = {KDD '13},
 year = {2013},
 location = {Chicago, Illinois, USA},
 pages = {659--667},
 numpages = {9},
 publisher = {ACM},
}

@inproceedings{r33,
 author = {Chu, Wei and Park, Seung-Taek},
 title = {Personalized Recommendation on Dynamic Content Using Predictive Bilinear Models},
 booktitle = {Proceedings of the 18th International Conference on World Wide Web},
 series = {WWW '09},
 year = {2009},
 isbn = {978-1-60558-487-4},
 location = {Madrid, Spain},
 pages = {691--700},
 numpages = {10},
 url = {http://doi.acm.org/10.1145/1526709.1526802},
 doi = {10.1145/1526709.1526802},
 acmid = {1526802},
 publisher = {ACM},
 address = {New York, NY, USA},
 keywords = {bilinear models, dynamic features, personalization, ranking, recommender systems, regression, user and content profile},
} 
 
@article{r34,
  author = {Coppi, R. and Bolasco, S.},
  title = {Multiway Data Analysis},
	journal = {Biometric Journal},
	issue_date = {1989},
	year = {1989},
	isbn = {0 444 87410 0},
	volume = {33},
  url = {http://dx.doi.org/10.1002/bimj.4710330518},
  doi = {10.1002/bimj.4710330518},
	publisher = {WILEY-VCH Verlag},
	address = {Amsterdam, The Netherlands},
}

@article{r35,
  author = {Tenenbaum, Joshua B. and Freeman, William T.},
  title = {Separating Style and Content with Bilinear Models},
  journal = {Neural Comput.},
  issue_date = {June 2000},
  volume = {12},
  number = {6},
  month = jun,
  year = {2000},
  issn = {0899-7667},
  pages = {1247--1283},
  numpages = {37},
  url = {http://dx.doi.org/10.1162/089976600300015349},
  doi = {10.1162/089976600300015349},
  acmid = {1121518},
  publisher = {MIT Press},
  address = {Cambridge, MA, USA},
}

@inproceedings{r36,
  author    = {Wei Chu and Zoubin Ghahramani},
  title     = {Probabilistic Models for Incomplete Multi-dimensional Arrays},
  booktitle = {Proceedings of the Twelfth International Conference on Artificial Intelligence and Statistics, {AISTATS} 2009, Clearwater Beach, Florida, USA, April 16-18, 2009},
  year      = {2009},
  pages     = {89--96},
  crossref  = {DBLP:conf/aistats/2009},
  url       = {http://www.jmlr.org/proceedings/papers/v5/chu09a.html},
  timestamp = {Mon, 29 Sep 2014 02:11:07 +0200},
  biburl    = {http://dblp.uni-trier.de/rec/bib/journals/jmlr/ChuG09},
  bibsource = {dblp computer science bibliography, http://dblp.org}
}

@article{r37,
  author = {Wu, Wei and Lu, Zhengdong and Li, Hang},
  title = {Learning Bilinear Model for Matching Queries and Documents},
  journal = {J. Mach. Learn. Res.},
  issue_date = {January 2013},
  volume = {14},
  number = {1},
  month = jan,
  year = {2013},
  issn = {1532-4435},
  pages = {2519--2548},
  numpages = {30},
  url = {http://dl.acm.org/citation.cfm?id=2567709.2567742},
  acmid = {2567742},
  publisher = {JMLR.org},
  keywords = {generalization analysis, partial least squares, regularized mapping to latent structures, web search},
} 

@inproceedings{r38,
  author = {Park, Seung-Taek and Chu, Wei},
  title = {Pairwise Preference Regression for Cold-start Recommendation},
  booktitle = {Proceedings of the Third ACM Conference on Recommender Systems},
  series = {RecSys '09},
  year = {2009},
  isbn = {978-1-60558-435-5},
  location = {New York, New York, USA},
  pages = {21--28},
  numpages = {8},
  url = {http://doi.acm.org/10.1145/1639714.1639720},
  doi = {10.1145/1639714.1639720},
  acmid = {1639720},
  publisher = {ACM},
  address = {New York, NY, USA},
  keywords = {cold-start problems, normalized discounted cumulative gain, ranking, recommender system, user and item features},
}

@inproceedings{r39,
  author = {Davis, Jason V. and Dhillon, Inderjit S.},
  title = {Structured Metric Learning for High Dimensional Problems},
  booktitle = {Proceedings of the 14th ACM SIGKDD International Conference on Knowledge Discovery and Data Mining},
  series = {KDD '08},
  year = {2008},
  isbn = {978-1-60558-193-4},
  location = {Las Vegas, Nevada, USA},
  pages = {195--203},
  numpages = {9},
  url = {http://doi.acm.org/10.1145/1401890.1401918},
  doi = {10.1145/1401890.1401918},
  acmid = {1401918},
  publisher = {ACM},
  address = {New York, NY, USA},
  keywords = {algorithms, experimentation},
} 

@article{r40,
  year={1966},
  issn={0033-3123},
  journal={Psychometrika},
  volume={31},
  number={3},
  doi={10.1007/BF02289464},
  title={Some mathematical notes on three-mode factor analysis},
  url={http://dx.doi.org/10.1007/BF02289464},
  publisher={Springer-Verlag},
  author={Tucker, LedyardR},
  pages={279-311},
  language={English}
}

@INPROCEEDINGS{r41,
 author = {Jimeng Sun and Dacheng Tao and Christos Faloutsos},
 title = {Beyond streams and graphs: Dynamic tensor analysis},
 booktitle = {In KDD},
 year = {2006},
 pages = {374--383}
}

@TECHREPORT{r42,
  AUTHOR        = {Asmaa Elbadrawy and George Karypis},
  TITLE         = {Feature-based Similarity Models for Top-n Recommendation of New Items},
  NUMBER        = {14-016},
  INSTITUTION   = {Department of Computer Science, University of Minnesota},
  ADDRESS       = {Minneapolis, Minnesota},
  MONTH         = {June},
  YEAR          = {2013},
  AUTHOR1_URL   = {http://www-users.cs.umn.edu/~asmaa},
  AUTHOR1_EMAIL = {asmaa@cs.umn.edu},
  URL           = {http://www.cs.umn.edu/research/technical_reports/view/14-016},
  CONTACT       = {asmaa@cs.umn.edu}
}

